{
  "total": 120,
  "source": "https://kaijiang.zhcw.com/zhcw/html/3d/",
  "crawl_time": "2026-02-05 12:51:33",
  "data": [
    {
      "period": "2017-10-26",
      "date": "2017292",
      "numbers": [
        7,
        1,
        5
      ],
      "digit_0": 7,
      "digit_1": 1,
      "digit_2": 5,
      "sales": "9296",
      "prizes": "0"
    },
    {
      "period": "2017-10-27",
      "date": "2017293",
      "numbers": [
        6,
        6,
        9
      ],
      "digit_0": 6,
      "digit_1": 6,
      "digit_2": 9,
      "sales": "20842",
      "prizes": "20384"
    },
    {
      "period": "2017-10-28",
      "date": "2017294",
      "numbers": [
        7,
        5,
        7
      ],
      "digit_0": 7,
      "digit_1": 5,
      "digit_2": 7,
      "sales": "12457",
      "prizes": "16615"
    },
    {
      "period": "2017-10-29",
      "date": "2017295",
      "numbers": [
        7,
        2,
        3
      ],
      "digit_0": 7,
      "digit_1": 2,
      "digit_2": 3,
      "sales": "16577",
      "prizes": "0"
    },
    {
      "period": "2017-10-30",
      "date": "2017296",
      "numbers": [
        9,
        5,
        9
      ],
      "digit_0": 9,
      "digit_1": 5,
      "digit_2": 9,
      "sales": "10944",
      "prizes": "11192"
    },
    {
      "period": "2017-10-31",
      "date": "2017297",
      "numbers": [
        4,
        6,
        2
      ],
      "digit_0": 4,
      "digit_1": 6,
      "digit_2": 2,
      "sales": "15153",
      "prizes": "0"
    },
    {
      "period": "2017-11-01",
      "date": "2017298",
      "numbers": [
        2,
        1,
        8
      ],
      "digit_0": 2,
      "digit_1": 1,
      "digit_2": 8,
      "sales": "30079",
      "prizes": "0"
    },
    {
      "period": "2017-11-02",
      "date": "2017299",
      "numbers": [
        9,
        2,
        1
      ],
      "digit_0": 9,
      "digit_1": 2,
      "digit_2": 1,
      "sales": "17617",
      "prizes": "0"
    },
    {
      "period": "2017-11-03",
      "date": "2017300",
      "numbers": [
        0,
        5,
        0
      ],
      "digit_0": 0,
      "digit_1": 5,
      "digit_2": 0,
      "sales": "7951",
      "prizes": "11323"
    },
    {
      "period": "2017-11-04",
      "date": "2017301",
      "numbers": [
        3,
        9,
        1
      ],
      "digit_0": 3,
      "digit_1": 9,
      "digit_2": 1,
      "sales": "10215",
      "prizes": "0"
    },
    {
      "period": "2017-11-05",
      "date": "2017302",
      "numbers": [
        2,
        4,
        1
      ],
      "digit_0": 2,
      "digit_1": 4,
      "digit_2": 1,
      "sales": "9208",
      "prizes": "0"
    },
    {
      "period": "2017-11-06",
      "date": "2017303",
      "numbers": [
        4,
        9,
        7
      ],
      "digit_0": 4,
      "digit_1": 9,
      "digit_2": 7,
      "sales": "18493",
      "prizes": "0"
    },
    {
      "period": "2017-11-07",
      "date": "2017304",
      "numbers": [
        1,
        0,
        9
      ],
      "digit_0": 1,
      "digit_1": 0,
      "digit_2": 9,
      "sales": "23991",
      "prizes": "0"
    },
    {
      "period": "2017-11-08",
      "date": "2017305",
      "numbers": [
        4,
        2,
        0
      ],
      "digit_0": 4,
      "digit_1": 2,
      "digit_2": 0,
      "sales": "16427",
      "prizes": "0"
    },
    {
      "period": "2017-11-09",
      "date": "2017306",
      "numbers": [
        8,
        1,
        7
      ],
      "digit_0": 8,
      "digit_1": 1,
      "digit_2": 7,
      "sales": "16932",
      "prizes": "0"
    },
    {
      "period": "2017-11-10",
      "date": "2017307",
      "numbers": [
        5,
        1,
        7
      ],
      "digit_0": 5,
      "digit_1": 1,
      "digit_2": 7,
      "sales": "9417",
      "prizes": "0"
    },
    {
      "period": "2017-11-11",
      "date": "2017308",
      "numbers": [
        7,
        1,
        0
      ],
      "digit_0": 7,
      "digit_1": 1,
      "digit_2": 0,
      "sales": "7086",
      "prizes": "0"
    },
    {
      "period": "2017-11-12",
      "date": "2017309",
      "numbers": [
        8,
        7,
        9
      ],
      "digit_0": 8,
      "digit_1": 7,
      "digit_2": 9,
      "sales": "16500",
      "prizes": "0"
    },
    {
      "period": "2017-11-13",
      "date": "2017310",
      "numbers": [
        1,
        3,
        6
      ],
      "digit_0": 1,
      "digit_1": 3,
      "digit_2": 6,
      "sales": "11584",
      "prizes": "0"
    },
    {
      "period": "2017-11-14",
      "date": "2017311",
      "numbers": [
        9,
        7,
        9
      ],
      "digit_0": 9,
      "digit_1": 7,
      "digit_2": 9,
      "sales": "18429",
      "prizes": "16671"
    },
    {
      "period": "2018-08-29",
      "date": "2018234",
      "numbers": [
        9,
        5,
        3
      ],
      "digit_0": 9,
      "digit_1": 5,
      "digit_2": 3,
      "sales": "12443",
      "prizes": "0"
    },
    {
      "period": "2018-08-30",
      "date": "2018235",
      "numbers": [
        8,
        2,
        8
      ],
      "digit_0": 8,
      "digit_1": 2,
      "digit_2": 8,
      "sales": "29863",
      "prizes": "27124"
    },
    {
      "period": "2018-08-31",
      "date": "2018236",
      "numbers": [
        6,
        4,
        2
      ],
      "digit_0": 6,
      "digit_1": 4,
      "digit_2": 2,
      "sales": "23241",
      "prizes": "0"
    },
    {
      "period": "2018-09-01",
      "date": "2018237",
      "numbers": [
        6,
        3,
        1
      ],
      "digit_0": 6,
      "digit_1": 3,
      "digit_2": 1,
      "sales": "21170",
      "prizes": "0"
    },
    {
      "period": "2018-09-02",
      "date": "2018238",
      "numbers": [
        7,
        2,
        0
      ],
      "digit_0": 7,
      "digit_1": 2,
      "digit_2": 0,
      "sales": "19640",
      "prizes": "0"
    },
    {
      "period": "2018-09-03",
      "date": "2018239",
      "numbers": [
        7,
        4,
        9
      ],
      "digit_0": 7,
      "digit_1": 4,
      "digit_2": 9,
      "sales": "24897",
      "prizes": "0"
    },
    {
      "period": "2018-09-04",
      "date": "2018240",
      "numbers": [
        5,
        0,
        6
      ],
      "digit_0": 5,
      "digit_1": 0,
      "digit_2": 6,
      "sales": "29984",
      "prizes": "0"
    },
    {
      "period": "2018-09-05",
      "date": "2018241",
      "numbers": [
        2,
        1,
        5
      ],
      "digit_0": 2,
      "digit_1": 1,
      "digit_2": 5,
      "sales": "29849",
      "prizes": "0"
    },
    {
      "period": "2018-09-06",
      "date": "2018242",
      "numbers": [
        6,
        2,
        3
      ],
      "digit_0": 6,
      "digit_1": 2,
      "digit_2": 3,
      "sales": "21563",
      "prizes": "0"
    },
    {
      "period": "2018-09-07",
      "date": "2018243",
      "numbers": [
        6,
        3,
        9
      ],
      "digit_0": 6,
      "digit_1": 3,
      "digit_2": 9,
      "sales": "21279",
      "prizes": "0"
    },
    {
      "period": "2018-09-08",
      "date": "2018244",
      "numbers": [
        3,
        6,
        4
      ],
      "digit_0": 3,
      "digit_1": 6,
      "digit_2": 4,
      "sales": "26478",
      "prizes": "0"
    },
    {
      "period": "2018-09-09",
      "date": "2018245",
      "numbers": [
        3,
        5,
        1
      ],
      "digit_0": 3,
      "digit_1": 5,
      "digit_2": 1,
      "sales": "8456",
      "prizes": "0"
    },
    {
      "period": "2018-09-10",
      "date": "2018246",
      "numbers": [
        6,
        0,
        3
      ],
      "digit_0": 6,
      "digit_1": 0,
      "digit_2": 3,
      "sales": "10841",
      "prizes": "0"
    },
    {
      "period": "2018-09-11",
      "date": "2018247",
      "numbers": [
        6,
        2,
        6
      ],
      "digit_0": 6,
      "digit_1": 2,
      "digit_2": 6,
      "sales": "20967",
      "prizes": "27488"
    },
    {
      "period": "2018-09-12",
      "date": "2018248",
      "numbers": [
        2,
        5,
        1
      ],
      "digit_0": 2,
      "digit_1": 5,
      "digit_2": 1,
      "sales": "9833",
      "prizes": "0"
    },
    {
      "period": "2018-09-13",
      "date": "2018249",
      "numbers": [
        6,
        3,
        6
      ],
      "digit_0": 6,
      "digit_1": 3,
      "digit_2": 6,
      "sales": "15130",
      "prizes": "14806"
    },
    {
      "period": "2018-09-14",
      "date": "2018250",
      "numbers": [
        5,
        5,
        1
      ],
      "digit_0": 5,
      "digit_1": 5,
      "digit_2": 1,
      "sales": "9319",
      "prizes": "12588"
    },
    {
      "period": "2018-09-15",
      "date": "2018251",
      "numbers": [
        9,
        8,
        3
      ],
      "digit_0": 9,
      "digit_1": 8,
      "digit_2": 3,
      "sales": "14183",
      "prizes": "0"
    },
    {
      "period": "2018-09-16",
      "date": "2018252",
      "numbers": [
        0,
        6,
        7
      ],
      "digit_0": 0,
      "digit_1": 6,
      "digit_2": 7,
      "sales": "18956",
      "prizes": "0"
    },
    {
      "period": "2018-09-17",
      "date": "2018253",
      "numbers": [
        0,
        9,
        8
      ],
      "digit_0": 0,
      "digit_1": 9,
      "digit_2": 8,
      "sales": "15459",
      "prizes": "0"
    },
    {
      "period": "2025-08-05",
      "date": "2025207",
      "numbers": [
        2,
        5,
        5
      ],
      "digit_0": 2,
      "digit_1": 5,
      "digit_2": 5,
      "sales": "",
      "prizes": ""
    },
    {
      "period": "2025-08-06",
      "date": "2025208",
      "numbers": [
        4,
        3,
        2
      ],
      "digit_0": 4,
      "digit_1": 3,
      "digit_2": 2,
      "sales": "",
      "prizes": ""
    },
    {
      "period": "2025-08-07",
      "date": "2025209",
      "numbers": [
        3,
        8,
        7
      ],
      "digit_0": 3,
      "digit_1": 8,
      "digit_2": 7,
      "sales": "",
      "prizes": ""
    },
    {
      "period": "2025-08-08",
      "date": "2025210",
      "numbers": [
        5,
        2,
        0
      ],
      "digit_0": 5,
      "digit_1": 2,
      "digit_2": 0,
      "sales": "",
      "prizes": ""
    },
    {
      "period": "2025-08-09",
      "date": "2025211",
      "numbers": [
        8,
        9,
        7
      ],
      "digit_0": 8,
      "digit_1": 9,
      "digit_2": 7,
      "sales": "",
      "prizes": ""
    },
    {
      "period": "2025-08-10",
      "date": "2025212",
      "numbers": [
        4,
        5,
        6
      ],
      "digit_0": 4,
      "digit_1": 5,
      "digit_2": 6,
      "sales": "",
      "prizes": ""
    },
    {
      "period": "2025-08-11",
      "date": "2025213",
      "numbers": [
        3,
        8,
        1
      ],
      "digit_0": 3,
      "digit_1": 8,
      "digit_2": 1,
      "sales": "",
      "prizes": ""
    },
    {
      "period": "2025-08-12",
      "date": "2025214",
      "numbers": [
        9,
        2,
        0
      ],
      "digit_0": 9,
      "digit_1": 2,
      "digit_2": 0,
      "sales": "",
      "prizes": ""
    },
    {
      "period": "2025-08-13",
      "date": "2025215",
      "numbers": [
        8,
        5,
        3
      ],
      "digit_0": 8,
      "digit_1": 5,
      "digit_2": 3,
      "sales": "",
      "prizes": ""
    },
    {
      "period": "2025-08-14",
      "date": "2025216",
      "numbers": [
        6,
        2,
        5
      ],
      "digit_0": 6,
      "digit_1": 2,
      "digit_2": 5,
      "sales": "",
      "prizes": ""
    },
    {
      "period": "2025-08-15",
      "date": "2025217",
      "numbers": [
        8,
        9,
        4
      ],
      "digit_0": 8,
      "digit_1": 9,
      "digit_2": 4,
      "sales": "",
      "prizes": ""
    },
    {
      "period": "2025-08-16",
      "date": "2025218",
      "numbers": [
        5,
        2,
        6
      ],
      "digit_0": 5,
      "digit_1": 2,
      "digit_2": 6,
      "sales": "",
      "prizes": ""
    },
    {
      "period": "2025-08-17",
      "date": "2025219",
      "numbers": [
        9,
        0,
        0
      ],
      "digit_0": 9,
      "digit_1": 0,
      "digit_2": 0,
      "sales": "",
      "prizes": ""
    },
    {
      "period": "2025-08-18",
      "date": "2025220",
      "numbers": [
        5,
        3,
        6
      ],
      "digit_0": 5,
      "digit_1": 3,
      "digit_2": 6,
      "sales": "",
      "prizes": ""
    },
    {
      "period": "2025-08-19",
      "date": "2025221",
      "numbers": [
        2,
        9,
        6
      ],
      "digit_0": 2,
      "digit_1": 9,
      "digit_2": 6,
      "sales": "",
      "prizes": ""
    },
    {
      "period": "2025-08-20",
      "date": "2025222",
      "numbers": [
        0,
        1,
        0
      ],
      "digit_0": 0,
      "digit_1": 1,
      "digit_2": 0,
      "sales": "",
      "prizes": ""
    },
    {
      "period": "2025-08-21",
      "date": "2025223",
      "numbers": [
        7,
        3,
        6
      ],
      "digit_0": 7,
      "digit_1": 3,
      "digit_2": 6,
      "sales": "",
      "prizes": ""
    },
    {
      "period": "2025-08-22",
      "date": "2025224",
      "numbers": [
        9,
        9,
        0
      ],
      "digit_0": 9,
      "digit_1": 9,
      "digit_2": 0,
      "sales": "",
      "prizes": ""
    },
    {
      "period": "2025-08-23",
      "date": "2025225",
      "numbers": [
        8,
        0,
        6
      ],
      "digit_0": 8,
      "digit_1": 0,
      "digit_2": 6,
      "sales": "",
      "prizes": ""
    },
    {
      "period": "2025-08-24",
      "date": "2025226",
      "numbers": [
        1,
        8,
        0
      ],
      "digit_0": 1,
      "digit_1": 8,
      "digit_2": 0,
      "sales": "",
      "prizes": ""
    },
    {
      "period": "2025-10-08",
      "date": "2025267",
      "numbers": [
        3,
        9,
        1
      ],
      "digit_0": 3,
      "digit_1": 9,
      "digit_2": 1,
      "sales": "",
      "prizes": ""
    },
    {
      "period": "2025-10-09",
      "date": "2025268",
      "numbers": [
        6,
        7,
        4
      ],
      "digit_0": 6,
      "digit_1": 7,
      "digit_2": 4,
      "sales": "",
      "prizes": ""
    },
    {
      "period": "2025-10-10",
      "date": "2025269",
      "numbers": [
        0,
        5,
        5
      ],
      "digit_0": 0,
      "digit_1": 5,
      "digit_2": 5,
      "sales": "",
      "prizes": ""
    },
    {
      "period": "2025-10-11",
      "date": "2025270",
      "numbers": [
        4,
        0,
        8
      ],
      "digit_0": 4,
      "digit_1": 0,
      "digit_2": 8,
      "sales": "",
      "prizes": ""
    },
    {
      "period": "2025-10-12",
      "date": "2025271",
      "numbers": [
        7,
        2,
        7
      ],
      "digit_0": 7,
      "digit_1": 2,
      "digit_2": 7,
      "sales": "",
      "prizes": ""
    },
    {
      "period": "2025-10-13",
      "date": "2025272",
      "numbers": [
        9,
        6,
        7
      ],
      "digit_0": 9,
      "digit_1": 6,
      "digit_2": 7,
      "sales": "",
      "prizes": ""
    },
    {
      "period": "2025-10-14",
      "date": "2025273",
      "numbers": [
        0,
        4,
        5
      ],
      "digit_0": 0,
      "digit_1": 4,
      "digit_2": 5,
      "sales": "",
      "prizes": ""
    },
    {
      "period": "2025-10-15",
      "date": "2025274",
      "numbers": [
        5,
        9,
        6
      ],
      "digit_0": 5,
      "digit_1": 9,
      "digit_2": 6,
      "sales": "",
      "prizes": ""
    },
    {
      "period": "2025-10-16",
      "date": "2025275",
      "numbers": [
        2,
        0,
        3
      ],
      "digit_0": 2,
      "digit_1": 0,
      "digit_2": 3,
      "sales": "",
      "prizes": ""
    },
    {
      "period": "2025-10-17",
      "date": "2025276",
      "numbers": [
        7,
        1,
        4
      ],
      "digit_0": 7,
      "digit_1": 1,
      "digit_2": 4,
      "sales": "",
      "prizes": ""
    },
    {
      "period": "2025-10-18",
      "date": "2025277",
      "numbers": [
        0,
        6,
        1
      ],
      "digit_0": 0,
      "digit_1": 6,
      "digit_2": 1,
      "sales": "",
      "prizes": ""
    },
    {
      "period": "2025-10-19",
      "date": "2025278",
      "numbers": [
        6,
        2,
        9
      ],
      "digit_0": 6,
      "digit_1": 2,
      "digit_2": 9,
      "sales": "",
      "prizes": ""
    },
    {
      "period": "2025-10-20",
      "date": "2025279",
      "numbers": [
        7,
        5,
        2
      ],
      "digit_0": 7,
      "digit_1": 5,
      "digit_2": 2,
      "sales": "",
      "prizes": ""
    },
    {
      "period": "2025-10-21",
      "date": "2025280",
      "numbers": [
        4,
        1,
        1
      ],
      "digit_0": 4,
      "digit_1": 1,
      "digit_2": 1,
      "sales": "",
      "prizes": ""
    },
    {
      "period": "2025-10-22",
      "date": "2025281",
      "numbers": [
        8,
        9,
        7
      ],
      "digit_0": 8,
      "digit_1": 9,
      "digit_2": 7,
      "sales": "",
      "prizes": ""
    },
    {
      "period": "2025-10-23",
      "date": "2025282",
      "numbers": [
        4,
        1,
        6
      ],
      "digit_0": 4,
      "digit_1": 1,
      "digit_2": 6,
      "sales": "",
      "prizes": ""
    },
    {
      "period": "2025-10-24",
      "date": "2025283",
      "numbers": [
        6,
        6,
        4
      ],
      "digit_0": 6,
      "digit_1": 6,
      "digit_2": 4,
      "sales": "",
      "prizes": ""
    },
    {
      "period": "2025-10-25",
      "date": "2025284",
      "numbers": [
        8,
        4,
        4
      ],
      "digit_0": 8,
      "digit_1": 4,
      "digit_2": 4,
      "sales": "",
      "prizes": ""
    },
    {
      "period": "2025-10-26",
      "date": "2025285",
      "numbers": [
        1,
        7,
        2
      ],
      "digit_0": 1,
      "digit_1": 7,
      "digit_2": 2,
      "sales": "",
      "prizes": ""
    },
    {
      "period": "2025-10-27",
      "date": "2025286",
      "numbers": [
        8,
        2,
        7
      ],
      "digit_0": 8,
      "digit_1": 2,
      "digit_2": 7,
      "sales": "",
      "prizes": ""
    },
    {
      "period": "2025-11-17",
      "date": "2025307",
      "numbers": [
        1,
        6,
        4
      ],
      "digit_0": 1,
      "digit_1": 6,
      "digit_2": 4,
      "sales": "",
      "prizes": ""
    },
    {
      "period": "2025-11-18",
      "date": "2025308",
      "numbers": [
        4,
        4,
        8
      ],
      "digit_0": 4,
      "digit_1": 4,
      "digit_2": 8,
      "sales": "",
      "prizes": ""
    },
    {
      "period": "2025-11-19",
      "date": "2025309",
      "numbers": [
        1,
        9,
        0
      ],
      "digit_0": 1,
      "digit_1": 9,
      "digit_2": 0,
      "sales": "",
      "prizes": ""
    },
    {
      "period": "2025-11-20",
      "date": "2025310",
      "numbers": [
        1,
        6,
        9
      ],
      "digit_0": 1,
      "digit_1": 6,
      "digit_2": 9,
      "sales": "",
      "prizes": ""
    },
    {
      "period": "2025-11-21",
      "date": "2025311",
      "numbers": [
        6,
        4,
        0
      ],
      "digit_0": 6,
      "digit_1": 4,
      "digit_2": 0,
      "sales": "",
      "prizes": ""
    },
    {
      "period": "2025-11-22",
      "date": "2025312",
      "numbers": [
        6,
        8,
        9
      ],
      "digit_0": 6,
      "digit_1": 8,
      "digit_2": 9,
      "sales": "",
      "prizes": ""
    },
    {
      "period": "2025-11-23",
      "date": "2025313",
      "numbers": [
        6,
        6,
        4
      ],
      "digit_0": 6,
      "digit_1": 6,
      "digit_2": 4,
      "sales": "",
      "prizes": ""
    },
    {
      "period": "2025-11-24",
      "date": "2025314",
      "numbers": [
        9,
        1,
        7
      ],
      "digit_0": 9,
      "digit_1": 1,
      "digit_2": 7,
      "sales": "",
      "prizes": ""
    },
    {
      "period": "2025-11-25",
      "date": "2025315",
      "numbers": [
        7,
        2,
        9
      ],
      "digit_0": 7,
      "digit_1": 2,
      "digit_2": 9,
      "sales": "",
      "prizes": ""
    },
    {
      "period": "2025-11-26",
      "date": "2025316",
      "numbers": [
        7,
        7,
        5
      ],
      "digit_0": 7,
      "digit_1": 7,
      "digit_2": 5,
      "sales": "",
      "prizes": ""
    },
    {
      "period": "2025-11-27",
      "date": "2025317",
      "numbers": [
        3,
        0,
        1
      ],
      "digit_0": 3,
      "digit_1": 0,
      "digit_2": 1,
      "sales": "",
      "prizes": ""
    },
    {
      "period": "2025-11-28",
      "date": "2025318",
      "numbers": [
        4,
        3,
        0
      ],
      "digit_0": 4,
      "digit_1": 3,
      "digit_2": 0,
      "sales": "",
      "prizes": ""
    },
    {
      "period": "2025-11-29",
      "date": "2025319",
      "numbers": [
        2,
        9,
        4
      ],
      "digit_0": 2,
      "digit_1": 9,
      "digit_2": 4,
      "sales": "",
      "prizes": ""
    },
    {
      "period": "2025-11-30",
      "date": "2025320",
      "numbers": [
        1,
        2,
        1
      ],
      "digit_0": 1,
      "digit_1": 2,
      "digit_2": 1,
      "sales": "",
      "prizes": ""
    },
    {
      "period": "2025-12-01",
      "date": "2025321",
      "numbers": [
        8,
        4,
        7
      ],
      "digit_0": 8,
      "digit_1": 4,
      "digit_2": 7,
      "sales": "",
      "prizes": ""
    },
    {
      "period": "2025-12-02",
      "date": "2025322",
      "numbers": [
        2,
        2,
        6
      ],
      "digit_0": 2,
      "digit_1": 2,
      "digit_2": 6,
      "sales": "",
      "prizes": ""
    },
    {
      "period": "2025-12-03",
      "date": "2025323",
      "numbers": [
        5,
        5,
        1
      ],
      "digit_0": 5,
      "digit_1": 5,
      "digit_2": 1,
      "sales": "",
      "prizes": ""
    },
    {
      "period": "2025-12-04",
      "date": "2025324",
      "numbers": [
        6,
        6,
        1
      ],
      "digit_0": 6,
      "digit_1": 6,
      "digit_2": 1,
      "sales": "",
      "prizes": ""
    },
    {
      "period": "2025-12-05",
      "date": "2025325",
      "numbers": [
        1,
        6,
        5
      ],
      "digit_0": 1,
      "digit_1": 6,
      "digit_2": 5,
      "sales": "",
      "prizes": ""
    },
    {
      "period": "2025-12-06",
      "date": "2025326",
      "numbers": [
        1,
        8,
        5
      ],
      "digit_0": 1,
      "digit_1": 8,
      "digit_2": 5,
      "sales": "",
      "prizes": ""
    },
    {
      "period": "2025-12-27",
      "date": "2025347",
      "numbers": [
        1,
        9,
        2
      ],
      "digit_0": 1,
      "digit_1": 9,
      "digit_2": 2,
      "sales": "",
      "prizes": ""
    },
    {
      "period": "2025-12-28",
      "date": "2025348",
      "numbers": [
        2,
        7,
        8
      ],
      "digit_0": 2,
      "digit_1": 7,
      "digit_2": 8,
      "sales": "",
      "prizes": ""
    },
    {
      "period": "2025-12-29",
      "date": "2025349",
      "numbers": [
        7,
        4,
        3
      ],
      "digit_0": 7,
      "digit_1": 4,
      "digit_2": 3,
      "sales": "",
      "prizes": ""
    },
    {
      "period": "2025-12-30",
      "date": "2025350",
      "numbers": [
        5,
        8,
        0
      ],
      "digit_0": 5,
      "digit_1": 8,
      "digit_2": 0,
      "sales": "",
      "prizes": ""
    },
    {
      "period": "2025-12-31",
      "date": "2025351",
      "numbers": [
        4,
        5,
        2
      ],
      "digit_0": 4,
      "digit_1": 5,
      "digit_2": 2,
      "sales": "",
      "prizes": ""
    },
    {
      "period": "2026-01-01",
      "date": "2026001",
      "numbers": [
        2,
        9,
        8
      ],
      "digit_0": 2,
      "digit_1": 9,
      "digit_2": 8,
      "sales": "",
      "prizes": ""
    },
    {
      "period": "2026-01-02",
      "date": "2026002",
      "numbers": [
        5,
        2,
        0
      ],
      "digit_0": 5,
      "digit_1": 2,
      "digit_2": 0,
      "sales": "",
      "prizes": ""
    },
    {
      "period": "2026-01-03",
      "date": "2026003",
      "numbers": [
        6,
        0,
        1
      ],
      "digit_0": 6,
      "digit_1": 0,
      "digit_2": 1,
      "sales": "",
      "prizes": ""
    },
    {
      "period": "2026-01-04",
      "date": "2026004",
      "numbers": [
        0,
        1,
        9
      ],
      "digit_0": 0,
      "digit_1": 1,
      "digit_2": 9,
      "sales": "",
      "prizes": ""
    },
    {
      "period": "2026-01-05",
      "date": "2026005",
      "numbers": [
        4,
        7,
        6
      ],
      "digit_0": 4,
      "digit_1": 7,
      "digit_2": 6,
      "sales": "",
      "prizes": ""
    },
    {
      "period": "2026-01-06",
      "date": "2026006",
      "numbers": [
        2,
        4,
        4
      ],
      "digit_0": 2,
      "digit_1": 4,
      "digit_2": 4,
      "sales": "",
      "prizes": ""
    },
    {
      "period": "2026-01-07",
      "date": "2026007",
      "numbers": [
        3,
        5,
        3
      ],
      "digit_0": 3,
      "digit_1": 5,
      "digit_2": 3,
      "sales": "",
      "prizes": ""
    },
    {
      "period": "2026-01-08",
      "date": "2026008",
      "numbers": [
        2,
        5,
        2
      ],
      "digit_0": 2,
      "digit_1": 5,
      "digit_2": 2,
      "sales": "",
      "prizes": ""
    },
    {
      "period": "2026-01-09",
      "date": "2026009",
      "numbers": [
        2,
        6,
        5
      ],
      "digit_0": 2,
      "digit_1": 6,
      "digit_2": 5,
      "sales": "",
      "prizes": ""
    },
    {
      "period": "2026-01-10",
      "date": "2026010",
      "numbers": [
        6,
        6,
        7
      ],
      "digit_0": 6,
      "digit_1": 6,
      "digit_2": 7,
      "sales": "",
      "prizes": ""
    },
    {
      "period": "2026-01-11",
      "date": "2026011",
      "numbers": [
        6,
        4,
        7
      ],
      "digit_0": 6,
      "digit_1": 4,
      "digit_2": 7,
      "sales": "",
      "prizes": ""
    },
    {
      "period": "2026-01-12",
      "date": "2026012",
      "numbers": [
        2,
        4,
        1
      ],
      "digit_0": 2,
      "digit_1": 4,
      "digit_2": 1,
      "sales": "",
      "prizes": ""
    },
    {
      "period": "2026-01-13",
      "date": "2026013",
      "numbers": [
        5,
        1,
        3
      ],
      "digit_0": 5,
      "digit_1": 1,
      "digit_2": 3,
      "sales": "",
      "prizes": ""
    },
    {
      "period": "2026-01-14",
      "date": "2026014",
      "numbers": [
        0,
        5,
        0
      ],
      "digit_0": 0,
      "digit_1": 5,
      "digit_2": 0,
      "sales": "",
      "prizes": ""
    },
    {
      "period": "2026-01-15",
      "date": "2026015",
      "numbers": [
        5,
        3,
        2
      ],
      "digit_0": 5,
      "digit_1": 3,
      "digit_2": 2,
      "sales": "",
      "prizes": ""
    }
  ]
}